@article{zhangjian2008,
  title={精确的程序静态分析},
  author={张健},
  journal={计算机学报},
  volume={31},
  number={9},
  pages={1549-1553},
  year={2008},
}
@article{Hattori1996A,
  title={A method to remove variations in source codes},
  author={Hattori, Norihide and Ishii, Naohiro},
  journal={Information \& Software Technology},
  volume={38},
  number={1},
  pages={25-36},
  year={1996},
}
@inproceedings{Colin2002Scope,
  title={Scope-Tree: A Program Representation for Symbolic Worst-Case Execution Time Analysis},
  author={Colin, Antoine and Bernat, Guillem},
  booktitle={Euromicro Conference on Real-Time Systems},
  pages={50},
  year={2002},
}
@article{panqianhong1999,
  title={基于属性论的文本相似度计算},
  author={潘谦红 and 王炬 and 史忠植},
  journal={计算机学报},
  volume={22},
  number={6},
  pages={651-655},
  year={1999},
}
@article{linxuemin2011,
  title={集合和字符串的相似度查询},
  author={林学民 and 王炜},
  journal={计算机学报},
  volume={34},
  number={10},
  pages={1853-1862},
  year={2011},
}
@inproceedings{Mihalcea2006Corpus,
  title={Corpus-based and Knowledge-based Measures of Text Semantic Similarity},
  author={Mihalcea, Rada and Corley, Courtney and Strapparava, Carlo},
  booktitle={National Conference on Artificial Intelligence and the Eighteenth Innovative Applications of Artificial Intelligence Conference, July 16-20, 2006, Boston, Massachusetts, Usa},
  pages={775--780},
  year={2006},
}
@inproceedings{Bilenko2003Adaptive,
  title={Adaptive duplicate detection using learnable string similarity measures},
  author={Bilenko, Mikhail and Mooney, Raymond J},
  booktitle={ACM SIGKDD International Conference on Knowledge Discovery and Data Mining},
  pages={39-48},
  year={2003},
}
@article{Bille2005A,
  title={A survey on tree edit distance and related problems. Theor Comput Sci 337(1-3):217-239},
  author={Bille, Philip},
  journal={Theoretical Computer Science},
  volume={337},
  number={1-3},
  pages={217-239},
  year={2005},
}
@article{Marzal1993Computation,
  title={Computation of Normalized Edit Distance and Applications},
  author={Marzal, A. and Vidal, E.},
  journal={Pattern Analysis and Machine Intelligence IEEE Transactions on},
  volume={15},
  number={9},
  pages={926-932},
  year={1993},
}
@article{Barnard1982Hierarchic,
  title={Hierarchic syntax error repair for LR grammars},
  author={Barnard, David T. and Holt, Richard C.},
  journal={International Journal of Parallel Programming},
  volume={11},
  number={4},
  pages={231-258},
  year={1982},
}
@article{xuan2016,
  title={自动程序修复方法研究进展},
  author={玄跻峰 and 任志磊 and 王子元 and 谢晓园 and 江贺},
  journal={软件学报},
  volume={27},
  number={4},
  pages={771-784},
  year={2016},
}
@article{wangjinbao2015,
  title={外存中高效的字符串相似性查询处},
  author={王金宝 and 高宏 and 李建中 and 杨东华},
  journal={计算机研究与发展},
  volume={52},
  number={3},
  pages={738-748},
  year={2015},
}
@article{Whale1990Identification,
  title={Identification of Program Similarity in Large Populations},
  author={Whale, G.},
  volume={33},
  number={2},
  pages={140-146},
  year={1990},
}
@inproceedings{Krinke2001Identifying,
  title={Identifying Similar Code with Program Dependence Graphs},
  author={Krinke, Jens},
  booktitle={Reverse Engineering, 2001. Proceedings. Eighth Working Conference on},
  pages={301-309},
  year={2001},
}
@article{Goues2012A,
  title={A systematic study of automated program repair: Fixing 55 out of 105 bugs for each},
  author={Goues, Claire Le and Deweyvogt, Michael and Forrest, Stephanie and Weimer, Westley},
  volume={8543},
  number={1},
  pages={3-13},
  year={2012},
}
@article{dulifeng2011,
  title={字符串相似度在自动评分系统中的应用},
  author={杜利峰 and 牛永洁},
  journal={电子设计工程},
  volume={19},
  number={7},
  pages={42-44},
  year={2011},
}
@article{wang1994system_17,
  title={A system for approximate tree matching},
  author={Wang, J Tsong-Li and Zhang, Kaizhong and Jeong, Karpjoo and Shasha, Dennis},
  journal={IEEE Transactions on Knowledge and Data Engineering},
  volume={6},
  number={4},
  pages={559--571},
  year={1994},
  publisher={IEEE}
}
@article{DBLP:journals/bmcbi/AyadPR16_18,
  author    = {Lorraine A. K. Ayad and
               Solon P. Pissis and
               Ahmad Retha},
  title     = {libFLASM: a software library for fixed-length approximate string matching},
  journal   = {{BMC} Bioinformatics},
  volume    = {17},
  pages     = {454:1--454:12},
  year      = {2016},
  url       = {http://dx.doi.org/10.1186/s12859-016-1320-2},
  doi       = {10.1186/s12859-016-1320-2},
  timestamp = {Fri, 13 Jan 2017 18:05:24 +0100},
  biburl    = {http://dblp.uni-trier.de/rec/bib/journals/bmcbi/AyadPR16},
  bibsource = {dblp computer science bibliography, http://dblp.org}
}
@article{lu2014efficiently_19,
  title={Efficiently Supporting Edit Distance Based String Similarity Search Using B $\^{}+ $-Trees},
  author={Lu, Wei and Du, Xiaoyong and Hadjieleftheriou, Marios and Ooi, Beng Chin},
  journal={IEEE Transactions on Knowledge and Data Engineering},
  volume={26},
  number={12},
  pages={2983--2996},
  year={2014},
  publisher={IEEE}
}
@article{DBLP:journals/tkde/HuZWZ15_20,
  author    = {Haoji Hu and
               Kai Zheng and
               Xiaoling Wang and
               Aoying Zhou},
  title     = {GFilter: {A} General Gram Filter for String Similarity Search},
  journal   = {IEEE Transactions on Knowledge and Data Engineering},
  volume    = {27},
  number    = {4},
  pages     = {1005--1018},
  year      = {2015},
  url       = {http://dx.doi.org/10.1109/TKDE.2014.2349914},
  doi       = {10.1109/TKDE.2014.2349914},
  timestamp = {Wed, 09 Sep 2015 09:50:36 +0200},
  biburl    = {http://dblp.uni-trier.de/rec/bib/journals/tkde/HuZWZ15},
  bibsource = {dblp computer science bibliography, http://dblp.org}
}
@article{DBLP:journals/jss/JiangCKTD17_21,
  author    = {Mingyue Jiang and
               Tsong Yueh Chen and
               Fei{-}Ching Kuo and
               Dave Towey and
               Zuohua Ding},
  title     = {A metamorphic testing approach for supporting program repair without
               the need for a test oracle},
  journal   = {Journal of Systems and Software},
  volume    = {126},
  pages     = {127--140},
  year      = {2017},
  url       = {http://dx.doi.org/10.1016/j.jss.2016.04.002},
  doi       = {10.1016/j.jss.2016.04.002},
  timestamp = {Wed, 22 Feb 2017 17:32:13 +0100},
  biburl    = {http://dblp.uni-trier.de/rec/bib/journals/jss/JiangCKTD17},
  bibsource = {dblp computer science bibliography, http://dblp.org}
}
@article{DBLP:journals/tit/WangZ15_22,
  author    = {Anyu Wang and
               Zhifang Zhang},
  title     = {An Integer Programming-Based Bound for Locally Repairable Codes},
  journal   = {{IEEE} Trans. Information Theory},
  volume    = {61},
  number    = {10},
  pages     = {5280--5294},
  year      = {2015},
  url       = {http://dx.doi.org/10.1109/TIT.2015.2472515},
  doi       = {10.1109/TIT.2015.2472515},
  timestamp = {Wed, 09 Mar 2016 15:07:45 +0100},
  biburl    = {http://dblp.uni-trier.de/rec/bib/journals/tit/WangZ15},
  bibsource = {dblp computer science bibliography, http://dblp.org}
}
@article{DBLP:journals/ese/McBurneyM16_23,
  author    = {Paul W. McBurney and
               Collin McMillan},
  title     = {An empirical study of the textual similarity between source code and
               source code summaries},
  journal   = {Empirical Software Engineering},
  volume    = {21},
  number    = {1},
  pages     = {17--42},
  year      = {2016},
  url       = {http://dx.doi.org/10.1007/s10664-014-9344-6},
  doi       = {10.1007/s10664-014-9344-6},
  timestamp = {Fri, 22 Jan 2016 15:06:07 +0100},
  biburl    = {http://dblp.uni-trier.de/rec/bib/journals/ese/McBurneyM16},
  bibsource = {dblp computer science bibliography, http://dblp.org}
}
@article{islam2008semantic_24,
  title={Semantic text similarity using corpus-based word similarity and string similarity},
  author={Islam, Aminul and Inkpen, Diana},
  journal={ACM Transactions on Knowledge Discovery from Data (TKDD)},
  volume={2},
  number={2},
  pages={10},
  year={2008},
  publisher={ACM}
}
@inproceedings{mihalcea2006corpus_25,
  title={Corpus-based and knowledge-based measures of text semantic similarity},
  author={Mihalcea, Rada and Corley, Courtney and Strapparava, Carlo and others},
  booktitle={AAAI},
  volume={6},
  pages={775--780},
  year={2006}
}
